<?xml version="1.0" encoding="UTF-8"?><collection xmlns="http://www.loc.gov/MARC21/slim"><record><leader>00475nam--2200169-i-4500</leader><controlfield tag="001">000030171</controlfield><controlfield tag="002">20161230</controlfield><controlfield tag="005">20170129230541</controlfield><controlfield tag="008">060222s1000------------r-----000-0-eng-d</controlfield><datafield ind1=" " ind2=" " tag="100"><subfield code="a">Lowan, Arnold N</subfield></datafield><datafield ind1=" " ind2=" " tag="245"><subfield code="a">Table of coefficients in numerical integration without differences</subfield></datafield><datafield ind1=" " ind2=" " tag="260"><subfield code="a">(F.Loc.)</subfield><subfield code="c">1945</subfield></datafield><datafield ind1=" " ind2=" " tag="300"><subfield code="a">21 p</subfield></datafield><datafield ind1=" " ind2=" " tag="490"><subfield code="a">Reprinted From Journal Of Mathematics And Physics</subfield></datafield><datafield ind1=" " ind2=" " tag="700"><subfield code="a">Salzer, Herbert E</subfield></datafield><datafield ind1=" " ind2=" " tag="852"><subfield code="a">1687</subfield></datafield><datafield ind1=" " ind2=" " tag="CAT"><subfield code="a">SYS</subfield><subfield code="c">20170129</subfield><subfield code="h">230541</subfield></datafield></record></collection>